<?xml version="1.0" encoding="UTF-8"?><collection xmlns="http://www.loc.gov/MARC21/slim"><record><leader>00532nam--2200181-i-4500</leader><controlfield tag="001">000007645</controlfield><controlfield tag="002">20161230</controlfield><controlfield tag="005">20161230201027</controlfield><controlfield tag="008">060222s1000------------r-----000-0-eng-d</controlfield><datafield ind1=" " ind2=" " tag="040"><subfield code="a">IFIN-HH</subfield></datafield><datafield ind1=" " ind2=" " tag="080"><subfield code="a">543.51</subfield></datafield><datafield ind1="1" ind2=" " tag="100"><subfield code="a">Beynon, J. H</subfield></datafield><datafield ind1="1" ind2="0" tag="245"><subfield code="a">Table of meta-stable transitions for use in mass spectrometry</subfield><subfield code="c">J.h. beynon, r.a. saunders, a.e. williams</subfield></datafield><datafield ind1=" " ind2=" " tag="260"><subfield code="a">Amsterdam</subfield><subfield code="b">Elsevier Pblishing Company</subfield><subfield code="c">1965</subfield></datafield><datafield ind1=" " ind2=" " tag="300"><subfield code="a">XIX + 783 P</subfield></datafield><datafield ind1="1" ind2=" " tag="700"><subfield code="a">Williams, A.E</subfield></datafield><datafield ind1=" " ind2=" " tag="852"><subfield code="a">24020</subfield><subfield code="c">53.081</subfield></datafield><datafield ind1=" " ind2=" " tag="CAT"><subfield code="a">Sys</subfield><subfield code="c">20160329</subfield><subfield code="h">094807</subfield></datafield></record></collection>